@article{drone_agricultura,
  title={DRONES NA AGRICULTURA: vantagens para uma produção mais eficiente e sustentável. },
  author={DE OLIVEIRA NETO, F. F. and DOS SANTOS, T. D. and ALBERNAZ, A. F. and DE LIMA, J. R. M. and PEIXOTO, C. A.},
  journal={Revista Científica da Faculdade Atenas (ParacAtu - MG)},
  volume={17},
  number={1},
  year={2024}
}

@article{drone_medico,
  title={Applications of Medical Drones in Public Health: An Overview. },
  author={FAKHAR-I-ADIL, M. and QURESHI, A. S. and ARSHAD, H. and ASLAM, A. and DEEBA, F.},
  journal={Journal of Human Anatomy, ISSN:2578-5079},
  volume={5},
  number={1},
  year={2021}
}

@inproceedings{drone_entrega,
  title={ENTREGA POR MEIO DE DRONES NOS DIAS ATUAIS. },
  author={CARVALHO, E. G. and FERREIRA, G. H. G. and GARCIA, C. A. M. G. and FARINAZZO, K. A. C.},
  booktitle={XII FATECLOG: GESTÃO DA CADEIA DE SUPRIMENTOS NO AGRONEGÓCIO: DESAFIOS E OPORTUNIDADES NO CONTEXTO ATUAL, ISSN: 2357-9684},
  year={2021}
}

@article{drone_mapeamento,
  title={Drones: guia básico para mapeamento aéreo. },
  author={GAMARRA, R. M. and RODRIGUES, A. G. S. and CHAVES, J. and DA SILVA, V. G. and DA SILVEIRA, A. L. A. and GOMES, P. H. B. M. and PARANHOS FILHO, A. C.},
  year={2020},
  publisher={Editora UFMS}
}

@article{drone_armado,
  title={A UTILIZAÇÃO DE DRONES ARMADOS E O DIREITO INTERNACIONAL HUMANITÁRIO. },
  author={NUNES, A. P.},
  journal={Revista Jurídica Luso-Brasileira (RJLB)},
  volume = {7},
  number = {6},
  pages = {147--180},
  year={2021}
}

@mastersthesis{thesis,
  author = {SABATINO, F.},
  school = {KTH Electrical Engineering},
  title = {Quadrotor control: modeling, nonlinear control design, and simulation. },
  year = {2015},
  address = {Estocolmo, Suécia},
  month = {Junho}
}

@misc{5thsemester,
  author = {SINGH, D. and ÖZGÜR, F. and CACIULEANU, C.},
  title = {Quadrotor Attitude and Position Stabilization. },
  year = {2019}
}

@mastersthesis{elkholy,
  author = {ELKHOLY, H. T. M. N.},
  school = {School of Sciences and Engineering at The American University in Cairo (AUC)},
  title = {Dynamic Modeling and Control of a Quadrotor Using Linear and Nonlinear Approaches. },
  year = {2014},
  month = {Abril}
}

@inproceedings{azzam,
  author = {AZZAM, A. and WANG, X.},
  booktitle = {2nd International Asia Conference on Informatics in Control, Automation and Robotics},
  title = {Quad Rotor Arial Robot Dynamic Modeling and Configuration Stabilization. },
  year = {2010},
  publisher = {IEEE}
}

@article{memon,
  author = {MEMON, S. and ARBAB, Dr. N. and ALI, Dr. Z. and CHOWDHARY, Dr. B. S. and MEMON, Dr. I.},
  journal = {Gyancity Journal of Electronics and Computer Science, ISSN:2446-2918},
  number = {1},
  title = {Design of PD-PID Control For Quadrotor At Hover},
  volume = {3},
  year = {2018},
  pages = {24--38}
}

@article{he,
  author = {HE, Z. and GAO, W. and HE, X. and WANG, M. and LIU, Y. and SONG, Y. and AN, Z.},
  journal = {International Journal of Agricultural and Biological Engineering (IJABE)},
  number = {6},
  title = {Fuzzy intelligent control method for improving flight attitude stability of plant protection quadrotor UAV. },
  volume = {12},
  year = {2019}
}

@inproceedings{erginer,
  author = {ERGINER, B. and ALTUG, E.},
  booktitle = {Proceedings of the 2007 IEEE Intelligent Vehicles Symposium},
  title = {Modeling and PD Control of a Quadrotor VTOL Vehicle. },
  year = {2007},
  pages = {894--899},
  address = {Istambul, Turquia}
}

@inproceedings{bouabdallah,
  author = {BOUABDALLAH, S. and NOTH, A., SIEGWART, R.},
  booktitle = {Proceedings of the 2004 IEEE/RSJ International Conference on Intelligent Robots and Systems},
  title = {PID vs LQ Control Techniques Applied to an Indoor Micro Quadrotor. },
  year = {2004}
}

@mastersthesis{sorensen,
  author = {SØRENSEN, A. F.},
  school = {Department of Electronic Systems at Aalborg University},
  title = {Autonomous Control of a Miniature Quadrotor Following Fast Trajectories. },
  year = {2010},
  month = {Junho}
}

@inproceedings{pilz,
  author = {PILZ, U. and POPOV, A. P. and WERNER, H.},
  booktitle = {Joint 48th IEEE Conference on Decision and Control and 28th Chinese Control Conference},
  title = {Robust Controller Design for Formation Flight of Quad-Rotor Helicopters. },
  year = {2009},
  address = {Shanghai, China}
}

@inproceedings{macnab,
  author = {COZA, C. and MACNAB, C. J. B.},
  booktitle = {Annual meeting of the North American Fuzzy Information Processing Society},
  title = {A New Robust Adaptive-Fuzzy Control Method Applied to Quadrotor Helicopter Stabilization. },
  year = {2006},
  pages = {475--479}
}

@inproceedings{vai,
  author = {VAITHEESWARAM, S. M. and MEKALA, R.},
  booktitle = {International Conference on Cognitive Computing and Information Processing (CCIP)},
  title = {Non-linear Attitude Control Methods for Quadrotor MAVs- a study. },
  year = {2015}
}

@inproceedings{li,
  author = {LI, J. and LI, Y.},
  booktitle = {Proceedings of the 2011 IEEE International Conference on Mechatronics and Automation},
  title = {Dynamic Analysis and PID Control for a Quadrotor. },
  year = {2011},
  address = {Beijing, China},
}

@inproceedings{ita,
  author = {SLEUTJES, I. J. and MAURO, E. R. and COUTINHO, O. L.},
  booktitle = {Simpósio de Aplicações Operacionais em Áreas de Defesa (SIGE), ISSN: 1983-7402},
  title = {Drones: história, legislação, aplicações de sensores e classificações. },
  year = {2020},
  address = {São José dos Campos, Brasil}
}

@misc{luukkonen,
  author = {LUUKKONEN, T.},
  title = {Modelling and control of quadcopter. },
  year = {2011},
  howpublished = {Independent research project in applied mathematics, Aalto University}
}

@mastersthesis{usp,
  author = {PFEIFER, E.},
  school = {Escola Politécnica da Universidade de São Paulo},
  title = {Projeto e Controle de um UAV Quadrirotor. },
  year = {2013},
  address = {São Paulo, Brasil},
}